<?xml version="1.0" encoding="UTF-8"?><collection xmlns="http://www.loc.gov/MARC21/slim"><record><leader>00366nam--2200133-i-4500</leader><controlfield tag="001">000019317</controlfield><controlfield tag="002">20161230</controlfield><controlfield tag="005">20161230201033</controlfield><controlfield tag="008">060222s1000------------r-----000-0-eng-d</controlfield><datafield ind1=" " ind2=" " tag="080"><subfield code="a">614.876</subfield></datafield><datafield ind1=" " ind2=" " tag="100"><subfield code="a">Easley, C.W</subfield></datafield><datafield ind1=" " ind2=" " tag="245"><subfield code="a">Basic radiation protection.principles and organization</subfield></datafield><datafield ind1=" " ind2=" " tag="260"><subfield code="a">New York, Gordon And Breach Science Publ., 1969.  132 P</subfield></datafield><datafield ind1=" " ind2=" " tag="852"><subfield code="a">36343</subfield></datafield></record></collection>